@ARTICLE{Falconer_95,
  author =       {D. D. {Falconer} and F. {Adachi} and
                  B. {Gudmundson}},
  journal =      {IEEE Communications Magazine},
  title =        {Time division multiple access methods for wireless
                  personal communications},
  year =         1995,
  volume =       33,
  number =       1,
  pages =        {50-57},
}
@article{Morelli_Mengali_98,
  title =        {Feedforward frequency estimation for {PSK}: A tutorial
                  review},
  author =       {Michele Morelli and Umberto Mengali},
  journal =      {European Transactions on Telecommunications},
  year =         {1998},
  volume =       {9},
  pages =        {103-116},
}
@ARTICLE{Rife_Boorstyn_74,
  author =       {D. {Rife} and R. {Boorstyn}},
  journal =      {IEEE Transactions on Information Theory},
  title =        {Single tone parameter estimation from discrete-time
                  observations},
  year =         {1974},
  volume =       {20},
  number =       {5},
  pages =        {591-598},
}
@ARTICLE{Tretter_85,
  author =       {S. {Tretter}},
  journal =      {IEEE Transactions on Information Theory},
  title =        {Estimating the frequency of a noisy sinusoid by
                  linear regression (Corresp.)},
  year =         {1985},
  volume =       {31},
  number =       {6},
  pages =        {832-835},
}
@ARTICLE{Kay_89,
  author =       {S. {Kay}},
  journal =      {IEEE Transactions on Acoustics, Speech, and Signal
                  Processing},
  title =        {A fast and accurate single frequency estimator},
  year =         {1989},
  volume =       {37},
  number =       {12},
  pages =        {1987-1990},
}
@ARTICLE{Luise_Reggiannini_95,
  author =       {M. {Luise} and R. {Reggiannini}},
  journal =      {IEEE Transactions on Communications},
  title =        {Carrier frequency recovery in all-digital modems for
                  burst-mode transmissions},
  year =         {1995},
  volume =       {43},
  number =       {2/3/4},
  pages =        {1169-1178},
}
@ARTICLE{Fitz_94,
  author =       {M. P. {Fitz}},
  journal =      {IEEE Transactions on Communications},
  title =        {Further results in the fast estimation of a single
                  frequency},
  year =         {1994},
  volume =       {42},
  number =       {234},
  pages =        {862-864},
}
@ARTICLE{Mengali_Morelli_97,
  author =       {U. {Mengali} and M. {Morelli}},
  journal =      {IEEE Transactions on Communications},
  title =        {Data-aided frequency estimation for burst digital
                  transmission},
  year =         {1997},
  volume =       {45},
  number =       {1},
  pages =        {23-25},
}
@INPROCEEDINGS{Shuai_Liang_Chen_09,
  author =       {T. {Shuai} and X. {Liang} and X. {Chen}},
  booktitle =    {2009 5th International Conference on Wireless
                  Communications, Networking and Mobile Computing},
  title =        {Decision-Directed Estimation of Carrier Frequency
                  and Phase for Burst PSK Transmission},
  year =         {2009},
  volume =       {},
  number =       {},
  pages =        {1-4},
}
@INPROCEEDINGS{Park_Jang_09,
  author =       { {Seong-Bok Park} and {Dhong-Woon Jang}},
  booktitle =    {2009 11th International Conference on Advanced
                  Communication Technology},
  title =        {A hybrid carrier synchronization scheme for PSK
                  burst-mode communication systems},
  year =         {2009},
  volume =       {02},
  number =       {},
  pages =        {1357-1360},
}
@INPROCEEDINGS{Wang_Li_Wang_18,
  author =       {S. {Wang} and Y. {Li} and J. {Wang}},
  booktitle =    {2018 International Conference on Communication and
                  Signal Processing (ICCSP)},
  title =        {A Carrier Frequency Offset Estimation for Burst
                  Transmission Based on EM Algorithm},
  year =         {2018},
  volume =       {},
  number =       {},
  pages =        {0038-0044},
}
@INPROCEEDINGS{Nguyen_Le_09,
  author =       {H. {Nguyen-Le} and T. {Le-Ngoc}},
  booktitle =    {2009 IEEE International Conference on
                  Communications},
  title =        {Joint Synchronization and Channel Estimation for
                  OFDM Transmissions over Doubly Selective Channels},
  year =         {2009},
  volume =       {},
  number =       {},
  pages =        {1-5},
}
@INPROCEEDINGS{Kumari_15,
  author =       {P. {Kumari} and N. {Gonzalez-Prelcic} and
                  R. W. {Heath}},
  booktitle =    {2015 IEEE 82nd Vehicular Technology Conference
                  (VTC2015-Fall)},
  title =        {Investigating the {IEEE} 802.11ad Standard for
                  Millimeter Wave Automotive Radar},
  year =         {2015},
  volume =       {},
  number =       {},
  pages =        {1-5},
}
@ARTICLE{Liu_Wei_15,
  author =       {W. {Liu} and T. {Wei} and Y. {Huang} and C. {Chan}
                  and S. {Jou}},
  journal =      {IEEE Transactions on Circuits and Systems I: Regular
                  Papers},
  title =        {All-Digital Synchronization for {SC}/{OFDM} Mode of {IEEE}
                  802.15.3c and {IEEE} 802.11ad},
  year =         {2015},
  volume =       {62},
  number =       {2},
  pages =        {545-553},
}
@ARTICLE{Grossi_Lops_18,
  author =       {E. {Grossi} and M. {Lops} and L. {Venturino} and
                  A. {Zappone}},
  journal =      {IEEE Transactions on Signal Processing},
  title =        {Opportunistic Radar in {IEEE} 802.11ad Networks},
  year =         {2018},
  volume =       {66},
  number =       {9},
  pages =        {2441-2454},
}
@INPROCEEDINGS{Bolisetti_11,
  author =       {S. K. {Bolisetti} and K. {Ahmed} and M. {Patwary}
                  and M. {Abdel-Maguid}},
  booktitle =    {2011 International Conference on Wireless
                  Communications and Signal Processing (WCSP)},
  title =        {Compressive parametric {GLRT} detector for airborne
                  {MIMO} radar},
  year =         {2011},
  volume =       {},
  number =       {},
  pages =        {1-5},
}
@INPROCEEDINGS{Cui_Kong_09,
  author =       { {Guolong Cui} and {Lingjiang Kong} and {Xiaobo
                  Yang} and {Jianyu Yang}},
  booktitle =    {2009 IET International Radar Conference},
  title =        {Coincidence of the {r}ao test, {w}ald test, and {GLRT} of
                  {MIMO} radar in {g}aussian clutter},
  year =         {2009},
  volume =       {},
  number =       {},
  pages =        {1-4},
}
@ARTICLE{Kumar_Dwivedi_16,
  author =       {A. {Kumar} and S. {Dwivedi} and A. K. {Jagannatham}},
  journal =      {IEEE Wireless Communications Letters},
  title =        {{GLRT}-Based Spectrum Sensing for {MIMO} {SC}-{FDMA}
                  Cognitive Radio Systems in the Presence of
                  Synchronization Impairments},
  year =         {2016},
  volume =       {5},
  number =       {3},
  pages =        {280-283},
}
@ARTICLE{Lui_Tan_86,
  author =       { {Gee Lui} and H. {Tan}},
  journal =      {IEEE Transactions on Communications},
  title =        {Frame Synchronization for Direct-Detection Optical
                  Communication Systems},
  year =         {1986},
  volume =       {34},
  number =       {3},
  pages =        {227-237},
  doi =          {10.1109/TCOM.1986.1096522}
}
@ARTICLE{Massey_72,
  author =       {J. {Massey}},
  journal =      {IEEE Transactions on Communications},
  title =        {Optimum Frame Synchronization},
  year =         {1972},
  volume =       {20},
  number =       {2},
  pages =        {115-119},
  doi =          {10.1109/TCOM.1972.1091127}
}
@ARTICLE{Scholtz_80,
  author =       {R. {Scholtz}},
  journal =      {IEEE Transactions on Communications},
  title =        {Frame Synchronization Techniques},
  year =         {1980},
  volume =       {28},
  number =       {8},
  pages =        {1204-1213},
  doi =          {10.1109/TCOM.1980.1094813}
}
@book{VanTrees_vol1,
  author =       {Van Trees, Harry L.},
  address =      {New York},
  booktitle =    {Detection, estimation, and modulation theory},
  isbn =         {0471095176},
  keywords =     {Estimation theory},
  language =     {eng},
  publisher =    {Wiley},
  title =        {Detection, estimation, and modulation theory },
  year =         {1968},
}
@ARTICLE{Gini_Reggiannini_98,  
  author={F. {Gini} and R. {Reggiannini} and U. {Mengali}},  journal={IEEE Transactions on Communications},   
  title={The modified {C}ramer-{R}ao bound in vector parameter estimation},   
  year={1998},  
  volume={46},  
  number={1},  
  pages={52-60},  
  doi={10.1109/26.655403}
}
@misc{TBB_website,
  author={Oneapi-Src},
  title = {Oneapi-src/onetbb: Oneapi threading building blocks (onetbb)},
  journal={GitHub},
  howpublished = {\textit{GitHub}.~[Online].~Available:~\url{https://github.com/oneapi-src/oneTBB}},
  note = {[Accessed: 28-Jan-2022]}
}
@book{TBB_book,
  author =       {Michael Voss, Rafael Asenjo, James Reinders},
  address =      {New York},
  isbn =         {978-1-4842-4398-5},
  language =     {eng},
  title =        {Pro TBB: C++ Parallel Programming with Threading Building Blocks},
  year =         {2019},
}
@misc{Google_benchmark,
  author={Google},
  title = {google/benchmark: A microbenchmark support library},
  journal={GitHub},
  howpublished = {\textit{GitHub}.~[Online].~Available:~\url{https://github.com/google/benchmark}},
  note = {[Accessed: 28-Jan-2022]}
}
