@ARTICLE{Falconer_95,
  author =       {D. D. {Falconer} and F. {Adachi} and
                  B. {Gudmundson}},
  journal =      {IEEE Communications Magazine},
  title =        {Time division multiple access methods for wireless
                  personal communications},
  year =         1995,
  volume =       33,
  number =       1,
  pages =        {50-57},
}
@article{Morelli_Mengali_98,
  title =        {Feedforward frequency estimation for {PSK}: A tutorial
                  review},
  author =       {Michele Morelli and Umberto Mengali},
  journal =      {European Transactions on Telecommunications},
  year =         {1998},
  volume =       {9},
  pages =        {103-116},
}
@INPROCEEDINGS{Fitz_91,
  author={Fitz, M.P.},
  booktitle={IEEE Global Telecommunications Conference GLOBECOM '91: Countdown to the New Millennium. Conference Record}, 
  title={Planar filtered techniques for burst mode carrier synchronization}, 
  year={1991},
  volume={},
  number={},
  pages={365-369 vol.1},
  doi={10.1109/GLOCOM.1991.188412}
}
@INPROCEEDINGS{Ramakrishnan_10,
  author={Ramakrishnan, Balasubramanian},
  booktitle={2010 7th International Symposium on Communication Systems, Networks   Digital Signal Processing (CSNDSP 2010)}, 
  title={Frame synchronization with large carrier frequency offsets: Point estimation versus hypothesis testing}, 
  year={2010},
  volume={},
  number={},
  pages={45-50},
  doi={10.1109/CSNDSP16145.2010.5580472}
}
@ARTICLE{Chiani_06,
  author={Chiani, M. and Martini, M.G.},
  journal={IEEE Transactions on Communications}, 
  title={On sequential frame synchronization in AWGN channels}, 
  year={2006},
  volume={54},
  number={2},
  pages={339-348},
  doi={10.1109/TCOMM.2005.863727}
}
@ARTICLE{Liang_15,
  author={Liang, Yingsi and Rajan, Dinesh and Eliezer, Oren E.},
  journal={IEEE Transactions on Communications}, 
  title={Sequential Frame Synchronization Based on Hypothesis Testing With Unknown Channel State Information}, 
  year={2015},
  volume={63},
  number={8},
  pages={2972-2984},
  doi={10.1109/TCOMM.2015.2438895}
}
@ARTICLE{Luise_Reggiannini_95,
  author =       {M. {Luise} and R. {Reggiannini}},
  journal =      {IEEE Transactions on Communications},
  title =        {Carrier frequency recovery in all-digital modems for
                  burst-mode transmissions},
  year =         {1995},
  volume =       {43},
  number =       {2/3/4},
  pages =        {1169-1178},
}
@ARTICLE{Fitz_94,
  author =       {M. P. {Fitz}},
  journal =      {IEEE Transactions on Communications},
  title =        {Further results in the fast estimation of a single
                  frequency},
  year =         {1994},
  volume =       {42},
  number =       {234},
  pages =        {862-864},
}
@ARTICLE{Kay_89,
  author =       {S. {Kay}},
  journal =      {IEEE Transactions on Acoustics, Speech, and Signal
                  Processing},
  title =        {A fast and accurate single frequency estimator},
  year =         {1989},
  volume =       {37},
  number =       {12},
  pages =        {1987-1990},
}
@ARTICLE{Gini_98,
  author={Gini, F. and Reggiannini, R. and Mengali, U.},
  journal={IEEE Transactions on Communications}, 
  title={The modified Cramer-Rao bound in vector parameter estimation}, 
  year={1998},
  volume={46},
  number={1},
  pages={52-60},
  doi={10.1109/26.655403}}
@book{Michael_19,
  author =       {Michael Voss, Rafael Asenjo, James Reinders},
  address =      {New York},
  isbn =         {978-1-4842-4398-5},
  language =     {eng},
  title =        {Pro TBB: C++ Parallel Programming with Threading Building Blocks},
  year =         {2019},
}